@article{Foley:2011,
  author = {Foley, Tim and Hanrahan, Pat},
  title = {Spark: Modular, Composable Shaders for Graphics Hardware},
  journal = {ACM Trans. Graph.},
  issue_date = {July 2011},
  volume = {30},
  number = {4},
  month = jul,
  year = {2011},
  pages = {107:1--107:12},
  articleno = {107},
  numpages = {12},
  publisher = {ACM},
} 

@inproceedings{Proudfoot:2001,
  author = {Proudfoot, Kekoa and Mark, William R. and Tzvetkov, Svetoslav and Hanrahan, Pat},
  title = {A Real-time Procedural Shading System for Programmable Graphics Hardware},
  booktitle = {Proceedings of the 28th Annual Conference on Computer Graphics and Interactive Techniques},
  series = {SIGGRAPH '01},
  year = {2001},
  pages = {159--170},
  numpages = {12},
  publisher = {ACM},
}

@inproceedings{jorring86,
 author = {J{\o}rring, Ulrik and Scherlis, William L.},
 title = {Compilers and Staging Transformations},
 booktitle = {Proceedings of the 13th ACM SIGACT-SIGPLAN Symposium on Principles of Programming Languages},
 series = {POPL '86},
 year = {1986},
 location = {St. Petersburg Beach, Florida},
 pages = {86--96},
 numpages = {11},
 url = {http://doi.acm.org/10.1145/512644.512652},
 doi = {10.1145/512644.512652},
 acmid = {512652},
 publisher = {ACM},
 address = {New York, NY, USA},
} 

@inproceedings{knoblock96,
 author = {Knoblock, Todd B. and Ruf, Erik},
 title = {Data Specialization},
 booktitle = {Proceedings of the ACM SIGPLAN 1996 Conference on Programming Language Design and Implementation},
 series = {PLDI '96},
 year = {1996},
 isbn = {0-89791-795-2},
 location = {Philadelphia, Pennsylvania, USA},
 pages = {215--225},
 numpages = {11},
 url = {http://doi.acm.org/10.1145/231379.231428},
 doi = {10.1145/231379.231428},
 acmid = {231428},
 publisher = {ACM},
 address = {New York, NY, USA},
} 

@Article{FFTW05,
  author = 	 {Frigo, Matteo and Johnson, Steven~G.},
  title = 	 {The Design and Implementation of {FFTW3}},
  journal = 	 {Proceedings of the IEEE},
  year = 	 2005,
  volume =	 93,
  number =	 2,
  pages =	 {216--231},
  note =	 {Special issue on ``Program Generation, Optimization, and Platform Adaptation''}
}

@article{jones96,
 author = {Jones, Neil D.},
 title = {An Introduction to Partial Evaluation},
 journal = {ACM Comput. Surv.},
 issue_date = {Sept. 1996},
 volume = {28},
 number = {3},
 month = sep,
 year = {1996},
 issn = {0360-0300},
 pages = {480--503},
 numpages = {24},
 url = {http://doi.acm.org/10.1145/243439.243447},
 doi = {10.1145/243439.243447},
 acmid = {243447},
 publisher = {ACM},
 address = {New York, NY, USA},
 keywords = {compiler generators, compilers, interpreters, partial evaluation, program specialization},
} 

@inproceedings{devito13,
 author = {DeVito, Zachary and Hegarty, James and Aiken, Alex and Hanrahan, Pat and Vitek, Jan},
 title = {Terra: A Multi-stage Language for High-performance Computing},
 booktitle = {Proceedings of the 34th ACM SIGPLAN Conference on Programming Language Design and Implementation},
 series = {PLDI '13},
 year = {2013},
 isbn = {978-1-4503-2014-6},
 location = {Seattle, Washington, USA},
 pages = {105--116},
 numpages = {12},
 url = {http://doi.acm.org/10.1145/2491956.2462166},
 doi = {10.1145/2491956.2462166},
 acmid = {2462166},
 publisher = {ACM},
 address = {New York, NY, USA},
 keywords = {dsl, lua, staged computation},
} 

@ARTICLE{       futamura71,
  AUTHOR        = "Y. Futamura",
  TITLE         = "Partial Evaluation of Computation Process -- An Approach
  to a Compiler-Compiler",
  JOURNAL       = "Systems, Computers, Controls",
  YEAR          = "1971",
  VOLUME        = "2", 
  NUMBER        = "5",
  PAGES         = "45-50", 
  ANNOTE        = "This seminal paper defines partial evaluation and exposes
its applications to (among other things) compilation and
compiler generation. A brief discussion is given on the
feasibility in practice and of some conceptual and engineering
issues of partial evaluation."}

@inproceedings{davies96,
  author    = {Rowan Davies},
  title     = {A Temporal-Logic Approach to Binding-Time Analysis},
  booktitle = {LICS},
  year      = {1996},
  pages     = {184-195},
  ee        = {http://doi.ieeecomputersociety.org/10.1109/LICS.1996.561317},
  bibsource = {DBLP, http://dblp.uni-trier.de}
}

@article{davies01,
  author    = {Rowan Davies and
               Frank Pfenning},
  title     = {A modal analysis of staged computation},
  journal   = {J. ACM},
  volume    = {48},
  number    = {3},
  year      = {2001},
  pages     = {555-604},
  ee        = {http://doi.acm.org/10.1145/382780.382785},
  bibsource = {DBLP, http://dblp.uni-trier.de}
}

@article{hannan94,
  added-at = {2006-04-03T00:00:00.000+0200},
  author = {Hannan, John},
  biburl = {http://www.bibsonomy.org/bibtex/2c3ebfb49708a774e69326b914de04130/dblp},
  date = {2006-04-03},
  description = {dblp},
  ee = {http://doi.acm.org/10.1145/183432.183458},
  interhash = {2927b5ad47dc6ce2b0ff228b352dac29},
  intrahash = {c3ebfb49708a774e69326b914de04130},
  journal = {ACM Trans. Program. Lang. Syst.},
  keywords = {dblp},
  number = 4,
  pages = {1215-1247},
  timestamp = {2006-04-03T00:00:00.000+0200},
  title = {Operational Semantics-Directed Compilers and Machine Architectures.},
  url = {http://dblp.uni-trier.de/db/journals/toplas/toplas16.html#Hannan94},
  volume = 16,
  year = 1994
}

@article{cave14,
 author = {Cave, Andrew and Ferreira, Francisco and Panangaden, Prakash and Pientka, Brigitte},
 title = {Fair Reactive Programming},
 journal = {SIGPLAN Not.},
 issue_date = {January 2014},
 volume = {49},
 number = {1},
 month = jan,
 year = {2014},
 issn = {0362-1340},
 pages = {361--372},
 numpages = {12},
 url = {http://doi.acm.org/10.1145/2578855.2535881},
 doi = {10.1145/2578855.2535881},
 acmid = {2535881},
 publisher = {ACM},
 address = {New York, NY, USA},
 keywords = {functional reactive programming, liveness, propositions-as-types, temporal logic},
} 


@phdthesis{taha-thesis-99,
 author = {Walid Taha},
 title = {Multi-Stage Programming: Its Theory and Applications},
 school = {Oregon Graduate Institute of Science and Technology},
 year = 1999
}
